@Article{Soroa:12,
  author = "Marian Soroa and Elena Bernaras and Joana Jauregizar",
  title = "{Haur-depresioa Lehen Hezkuntzako etapan: zertan datzan eta irakasleek zer egin dezaketen}",
  journal = "UZTARO aldizkaria ISNN 1130-5738.81",
  year = 2012,
  pages = "61--77"
}

@book{DBLP:books/aw/Lamport86,
  author    = {Leslie Lamport},
  title     = {LaTeX: User's Guide {\&} Reference Manual},
  publisher = {Addison-Wesley},
  year      = {1986},
  isbn      = {0-201-15790-X},
  bibsource = {DBLP, http://dblp.uni-trier.de}
}















% line in order to check if utf-8 is properly configured: áéíóúñ
