%Definición de términos

\newglossaryentry{Android}{

    name=android,

    description={En epidemiología, proporción de personas que sufren una enfermedad con respecto al total de la población en estudio}

}